<record><leader>00000cas a22000007a 4500</leader><controlfield tag="001">9463016</controlfield><controlfield tag="008">830429d18421844maudr ne      0    0eng d</controlfield><datafield ind1=" " ind2=" " tag="010"><subfield code="a">sn 83020628 </subfield></datafield><datafield ind1=" " ind2=" " tag="040"><subfield code="a">NPX</subfield><subfield code="b">eng</subfield><subfield code="c">NPX</subfield><subfield code="d">DLC</subfield><subfield code="d">OCLCG</subfield><subfield code="d">DLC</subfield><subfield code="d">OCLCF</subfield></datafield><datafield ind1="1" ind2=" " tag="029"><subfield code="a">AU@</subfield><subfield code="b">000025794130</subfield></datafield><datafield ind1=" " ind2=" " tag="042"><subfield code="a">msc</subfield></datafield><datafield ind1=" " ind2=" " tag="043"><subfield code="a">n-us-ma</subfield></datafield><datafield ind1="0" ind2="0" tag="050"><subfield code="a">Newspaper</subfield></datafield><datafield ind1="0" ind2=" " tag="130"><subfield code="a">Daily evening bulletin (New Bedford, Mass.)</subfield></datafield><datafield ind1="1" ind2="4" tag="245"><subfield code="a">The Daily evening bulletin.</subfield></datafield><datafield ind1="1" ind2="3" tag="246"><subfield code="a">Evening bulletin</subfield></datafield><datafield ind1=" " ind2=" " tag="260"><subfield code="a">New Bedford [Mass. :</subfield><subfield code="b">s.n.],</subfield></datafield><datafield ind1=" " ind2=" " tag="300"><subfield code="a">10 v. ;</subfield><subfield code="c">54-58 cm.</subfield></datafield><datafield ind1=" " ind2=" " tag="310"><subfield code="a">Daily</subfield></datafield><datafield ind1="1" ind2=" " tag="362"><subfield code="a">Began in 1844.</subfield><subfield code="z">Cf. Gregory, W.  Amer. newspapers.</subfield></datafield><datafield ind1=" " ind2=" " tag="500"><subfield code="a">Printers: M.J. Shaw, &lt;Nov. 7, 1842&gt;; Henry K. Oliver, Benjamin Hafford, &lt;Dec. 21-23, 1843&gt;.</subfield></datafield><datafield ind1=" " ind2=" " tag="500"><subfield code="a">Proprietor: Henry Tilden, &lt;Aug. 20-Oct. 22, 1844&gt;.</subfield></datafield><datafield ind1=" " ind2=" " tag="500"><subfield code="a">Editors: W. Eddy, &lt;Nov. 7, 1842-Dec. 23, 1843&gt;; C.T. Congdon, &lt;Aug. 20-30, 1844&gt;; J.H. Warland, &lt;Oct. 22, 1844&gt;; H. Tilden, 1845-1846.</subfield></datafield><datafield ind1=" " ind2=" " tag="580"><subfield code="a">"The semi-weekly Bulletin [non-extant?] for town and country is published every Tuesday and Friday morning at the [same] office."</subfield></datafield><datafield ind1=" " ind2=" " tag="588"><subfield code="a">Description based on: Vol. 1, no. 253 (Nov. 7, 1842).</subfield></datafield><datafield ind1=" " ind2="0" tag="651"><subfield code="a">New Bedford (Mass.)</subfield><subfield code="v">Newspapers.</subfield></datafield><datafield ind1=" " ind2="7" tag="655"><subfield code="a">Newspapers.</subfield><subfield code="2">fast</subfield><subfield code="0">(OCoLC)fst01423814</subfield></datafield><datafield ind1=" " ind2="7" tag="651"><subfield code="a">Massachusetts</subfield><subfield code="z">New Bedford.</subfield><subfield code="2">fast</subfield><subfield code="0">(OCoLC)fst01207803</subfield></datafield><datafield ind1="1" ind2=" " tag="700"><subfield code="a">Tilden, Henry.</subfield></datafield><datafield ind1="1" ind2=" " tag="700"><subfield code="a">Eddy, William.</subfield></datafield><datafield ind1="1" ind2=" " tag="700"><subfield code="a">Congdon, Charles T.</subfield><subfield code="q">(Charles Taber),</subfield><subfield code="d">1821-1891.</subfield></datafield><datafield ind1="1" ind2=" " tag="700"><subfield code="a">Warland, John H.</subfield><subfield code="q">(John Henry),</subfield><subfield code="d">1807-1872.</subfield></datafield><datafield ind1=" " ind2=" " tag="752"><subfield code="a">United States</subfield><subfield code="b">Massachusetts</subfield><subfield code="c">Bristol</subfield><subfield code="d">New Bedford.</subfield></datafield><datafield ind1="0" ind2="0" tag="780"><subfield code="t">Evening bulletin (New Bedford, Mass. : 1841)</subfield><subfield code="w">(DLC)sn 83020627</subfield><subfield code="w">(OCoLC)9462871</subfield></datafield><datafield ind1="0" ind2="0" tag="785"><subfield code="t">Evening bulletin (New Bedford, Mass. : 1845)</subfield><subfield code="w">(DLC)sn 83020629</subfield><subfield code="w">(OCoLC)9463114</subfield></datafield></record>